/Users/mwyang/Documents/Capstone.bib